@Article{porat,
author = {Boaz Porat and Benjamin Friedlander},
title = {Analysis of the Asymptotic Relative Efficiency of the
MUSIC Algorithm},
journal = {IEEE Trans. on Acoustics, Speech,and Signal Processing},
year = {1988},
OPTvolume = {36},
OPTnumber = {4},
OPTpages = {532-544},
OPTmonth = {Apr},
}
@InBook{gauss_newton_method,
ALTauthor = {Dimitri P. Bertsekas},
title = {Nonlinear Programming},
chapter = {1 - Unconstrained Optimization},
publisher = {Athena Scientific},
year = {1999},
OPTkey = {•},
OPTvolume = {•},
OPTnumber = {•},
OPTseries = {•},
OPTtype = {•},
OPTaddress = {•},
OPTedition = {Second},
OPTmonth = {•},
OPTpages = {107-108},
OPTnote = {•},
OPTannote = {•}
}

@Article{chestnut,
author = {P. C. Chestnut},
title = {Emitter location accuracy using TDOA
and differential Doppler},
journal = {IEEE Trans. on Aerospace
and Electronic Systems},
year = {1982},
OPTkey = {•},
OPTvolume = {AES-18},
OPTnumber = {2},
OPTpages = {214–218},
OPTmonth = {March},
OPTnote = {•},
OPTannote = {•}
}
@Article{chan_and_Ho,
author = {Y.T Chan and K.C Ho},
title = {A simple and Efficient Estimator for Hyperbolic Location},
journal = {IEEE Trans. on Signal Processing},
year = {1994},
OPTkey = {•},
OPTvolume = {42},
OPTnumber = {8},
OPTpages = {1905-1915},
OPTmonth = {Aug},
OPTnote = {•},
OPTannote = {•}
}

@Article{zagami,
author = {J.M. Zagami, S. A. Parl, J.J. Bussgang and K.D. Melillo},
title = {Providing universal location services using a wireless E911 location network},
journal = {IEEE Commun. Mag.},
year = {1998},
OPTkey = {•},
OPTvolume = {36},
OPTnumber = {4},
OPTpages = {66-71},
OPTmonth = {Apr},
OPTnote = {•},
OPTannote = {•}
}

@Article{dpd,
author = {A.J. Amar and A.J. Weiss},
title = {Direct position determination of multiple radio signals},
journal = {Proc. IEEE Int. Conf. Acoustics, Speech, and Signal processing},
year = {2004},
OPTkey = {•},
OPTvolume = {2},
OPTnumber = {•},
OPTpages = {ii-81-84},
OPTmonth = {May},
OPTnote = {•},
OPTannote = {•}
}

@Article{dpd_nb,
author = {A.J. Weiss},
title = {Direct position determination of narrowband radio frequency transmitters},
journal = {IEEE Signal Processing Letters},
year = {2004},
OPTkey = {•},
OPTvolume = {11},
OPTnumber = {5},
OPTpages = {513-516},
OPTmonth = {May},
OPTnote = {•},
OPTannote = {•}
}

@Article{dop_dpd_nb,
author = {Alon Amar and A.J. Weiss},
title = {Localization of Narrowband Radio Emitters Based on
Doppler Frequency Shifts},
journal = {IEEE Trans. on Signal Processing},
year = {2008},
OPTkey = {•},
OPTvolume = {56},
OPTnumber = {11},
OPTpages = {5500-5508},
OPTmonth = {Nov},
OPTnote = {•},
OPTannote = {•}
}

@INPROCEEDINGS{dop_dpd_wb,
author={Weiss, A.J. and Amar, A.},
journal={Statistical Signal Processing, 2009. SSP '09. IEEE/SP 15th Workshop on}, title={Direct geolocation of stationary wideband radio signal based on time delays and Doppler shifts},
year={2009},
month={aug.},
volume={},
number={},
pages={101 -104},
keywords={Doppler shifts;ambiguity function;differential Doppler;direct geolocation;maximum likelihood estimation;stationary transmitter;stationary wideband radio signal;time delays;Doppler shift;delay circuits;maximum likelihood estimation;time-of-arrival estimation;},
doi={10.1109/SSP.2009.5278630},
ISSN={},}

@Article{stein,
author = {S. Stein},
title = {Differntial Delay/Doppler ML Estimation with Unknown Signals},
journal = {IEEE Trans. on Signal Processing},
year = {1993},
OPTkey = {•},
OPTvolume = {41},
OPTnumber = {8},
OPTpages = {2717-2719},
OPTmonth = {Aug},
OPTnote = {•},
OPTannote = {•}
}


@Article{wifi,
author = {M. Hata and T. Nagatsu},
title = {Mobile Location Using Signal Strength Measurements in a
Cellular System},
journal = {IEEE Transactions on Vehicular Technology},
year = {1980},
OPTkey = {•},
OPTvolume = {VT-29},
OPTnumber = {2},
OPTpages = {245-252},
OPTmonth = {May},
OPTnote = {•},
OPTannote = {•}
}

@Article{torrieri,
author = {D.J. Torrieri},
title = {Statistical Theory of Passive
Location Systems},
journal = {IEEE Transactions on Aerospace and Electronic Systems},
year = {1984},
OPTkey = {•},
OPTvolume = {AES-20},
OPTnumber = {2},
OPTpages = {183-198},
OPTmonth = {Mar},
OPTnote = {•},
OPTannote = {•}
}

@Article{chan_towers,
author = {Y.T. Chan and J.J. Towers},
title = {Passive Localization From Doppler
Shifted Frequency Measurements},
journal = {IEEE Transactions on Signal Processing},
year = {1992},
OPTkey = {•},
OPTvolume = {40},
OPTnumber = {10},
OPTpages = {2594-2598},
OPTmonth = {Oct},
OPTnote = {•},
OPTannote = {•}
}
@Article{chan_jardine,
author = {Y.T. Chan and F.L. Jardine},
title = {Target Localization and Tracking From
Doppler Shift Measurements},
journal = {IEEE Journal of Oceanic Engineering},
year = {1990},
OPTkey = {•},
OPTvolume = {15},
OPTnumber = {3},
OPTpages = {251-257},
OPTmonth = {Jul},
OPTnote = {•},
OPTannote = {•}
}

@InProceedings{haworth,
author = {D.P. Haworth, N.G. Smith, R. Bardelli and T. Clement},
title = {Interference localisation for the Eutelsat satellite system},
booktitle = {Global Telecommunications Conference, 1995. GLOBECOM '95., IEEE },
OPTcrossref = {•},
OPTkey = {•},
OPTpages = {1641-1651},
OPTyear = {1995},
OPTeditor = {•},
OPTvolume = {3},
OPTnumber = {•},
OPTseries = {•},
OPTaddress = {•},
OPTmonth = {Nov},
OPTorganization = {IEEE},
OPTpublisher = {•},
OPTnote = {•},
OPTannote = {•}
}

@Article{ho_chan,
author = {K.C. Ho and Y.T. Chan},
title = {Geolocation of a Known
Altitude Object From TDOA
and FDOA Measurements},
journal = {IEEE Transactions on Aerospace and Electronic Systems},
year = {1997},
OPTkey = {•},
OPTvolume = {33},
OPTnumber = {3},
OPTpages = {770-783},
OPTmonth = {Jul},
OPTnote = {•},
OPTannote = {•}
}

@InProceedings{musicki,
author = {D. Musicki and W. Koch},
title = {Geolocation using TDOA and FDOA Measurements},
booktitle = { Information Fusion, 2008 11th International Conference on   },
OPTcrossref = {•},
OPTkey = {•},
OPTpages = {1-8},
OPTyear = {2008},
OPTeditor = {•},
OPTvolume = {•},
OPTnumber = {•},
OPTseries = {•},
OPTaddress = {•},
OPTmonth = {Jul},
OPTorganization = {•},
OPTpublisher = {•},
OPTnote = {•},
OPTannote = {•}
}

@ARTICLE{musicki_kaune_koch,
author={Musicki, D. and Kaune, R. and Koch, W.},
journal={Signal Processing, IEEE Transactions on}, title={Mobile Emitter Geolocation and Tracking Using TDOA and FDOA Measurements},
year={2010},
month=march ,
volume={58},
number={3},
pages={1863 -1874},
keywords={Cramer-Rao lower bound;FDOA measurements;Gaussian mixture approach;Kalman filters tracking algorithm;TDOA measurement;data association;frequency difference of arrival measurement;likelihood function;mobile emitter geolocation;nonlinear information fusion;recursive tracking;state probability density function approximation;time difference of arrival measurement;Gaussian processes;Kalman filters;approximation theory;channel bank filters;direction-of-arrival estimation;mobile radio;probability;radio tracking;time-of-arrival estimation;},
doi={10.1109/TSP.2009.2037075},
ISSN={1053-587X},}


@INPROCEEDINGS{knapp_carter,
author={Knapp, C. and Carter, G.},
booktitle={Acoustics, Speech, and Signal Processing, IEEE International Conference on ICASSP '77.}, title={Time delay estimation in the presence of relative motion},
year={1977},
month=may,
volume={2},
number={},
pages={ 280 - 283},
keywords={},
doi={10.1109/ICASSP.1977.1170252},
ISSN={},}

@ARTICLE{ho_xu,
author={Ho, K.C. and Wenwei Xu},
journal={Signal Processing, IEEE Transactions on}, title={An accurate algebraic solution for moving source location using TDOA and FDOA measurements},
year={2004},
month=sept.,
volume={52},
number={9},
pages={ 2453 - 2463},
keywords={ Cramer-Rao lower bound; FDOA; Gaussian noise; TDOA; Taylor-series iterative method; frequency differences of arrival; least-squares minimizations; linear iterative method; local convergence problem; location estimate; moving source location; time differences of arrival; Gaussian noise; iterative methods; least squares approximations; minimisation; receivers; signal processing;},
doi={10.1109/TSP.2004.831921},
ISSN={1053-587X},}

@INPROCEEDINGS{fowler_wu,
author={Ren, R. and Fowler, M.L. and Wu, N.E.},
booktitle={Information Sciences and Systems, 2009. CISS 2009. 43rd Annual Conference on}, title={Finding optimal trajectory points for TDOA/FDOA geo-location sensors},
year={2009},
month=march,
volume={},
number={},
pages={817 -822},
keywords={TDOA-FDOA geolocation sensors;optimal next state;optimal trajectory points;particle swarm optimization;direction-of-arrival estimation;particle swarm optimisation;sensors;time-of-arrival estimation;},
doi={10.1109/CISS.2009.5054830},
ISSN={},}