@Article{porat,
author = {Boaz Porat and Benjamin Friedlander},
title = {Analysis of the Asymptotic Relative Efficiency of the
MUSIC Algorithm},
journal = {IEEE Trans. on Acoustics, Speech,and Signal Processing},
year = {1988},
OPTvolume = {36},
OPTnumber = {4},
OPTpages = {532-544},
OPTmonth = {Apr},
}
@InBook{gauss_newton_method,
ALTauthor = {Dimitri P. Bertsekas},
title = {Nonlinear Programming},
chapter = {1 - Unconstrained Optimization},
publisher = {Athena Scientific},
year = {1999},
OPTkey = {•},
OPTvolume = {•},
OPTnumber = {•},
OPTseries = {•},
OPTtype = {•},
OPTaddress = {•},
OPTedition = {Second},
OPTmonth = {•},
OPTpages = {107-108},
OPTnote = {•},
OPTannote = {•}
}

@Article{chestnut,
author = {P. C. Chestnut},
title = {Emitter location accuracy using TDOA
and differential Doppler},
journal = {IEEE Trans. on Aerospace
and Electronic Systems},
year = {1982},
OPTkey = {•},
OPTvolume = {AES-18},
OPTnumber = {2},
OPTpages = {214–218},
OPTmonth = {March},
OPTnote = {•},
OPTannote = {•}
}
@Article{chan_and_Ho,
author = {Y.T Chan and K.C Ho},
title = {A simple and Efficient Estimator for Hyperbolic Location},
journal = {IEEE Trans. on Signal Processing},
year = {1994},
OPTkey = {•},
OPTvolume = {42},
OPTnumber = {8},
OPTpages = {1905-1915},
OPTmonth = {Aug},
OPTnote = {•},
OPTannote = {•}
}

@Article{zagami,
author = {J.M. Zagami, S. A. Parl, J.J. Bussgang and K.D. Melillo},
title = {Providing universal location services using a wireless E911 location network},
journal = {IEEE Commun. Mag.},
year = {1998},
OPTkey = {•},
OPTvolume = {36},
OPTnumber = {4},
OPTpages = {66-71},
OPTmonth = {Apr},
OPTnote = {•},
OPTannote = {•}
}

@Article{dpd,
author = {A.J. Amar and A.J. Weiss},
title = {Direct position determination of multiple radio signals},
journal = {Proc. IEEE Int. Conf. Acoustics, Speech, and Signal processing},
year = {2004},
OPTkey = {•},
OPTvolume = {2},
OPTnumber = {•},
OPTpages = {ii-81-84},
OPTmonth = {May},
OPTnote = {•},
OPTannote = {•}
}

@Article{dpd_nb,
author = {A.J. Weiss},
title = {Direct position determination of narrowband radio frequency transmitters},
journal = {IEEE Signal Processing Letters},
year = {2004},
OPTkey = {•},
OPTvolume = {11},
OPTnumber = {5},
OPTpages = {513-516},
OPTmonth = {May},
OPTnote = {•},
OPTannote = {•}
}

@Article{stein,
author = {S. Stein},
title = {Differntial Delay/Doppler ML Estimation with Unknown Signals},
journal = {IEEE Trans. on Signal Processing},
year = {1993},
OPTkey = {•},
OPTvolume = {41},
OPTnumber = {8},
OPTpages = {2717-2719},
OPTmonth = {Aug},
OPTnote = {•},
OPTannote = {•}
}


@Article{dop_dpd,
author = {Alon Amar and A.J. Weiss},
title = {Localization of Narrowband Radio Emitters Based on
Doppler Frequency Shifts},
journal = {IEEE Trans. on Signal Processing},
year = {2008},
OPTkey = {•},
OPTvolume = {56},
OPTnumber = {11},
OPTpages = {5500-5508},
OPTmonth = {Nov},
OPTnote = {•},
OPTannote = {•}
}

@INPROCEEDINGS{musicki_koch,
author={Musicki, D. and Koch, W.},
booktitle={Information Fusion, 2008 11th International Conference on}, title={Geolocation using TDOA and FDOA measurements},
year={2008},
month=30 2008-july 3,
volume={},
number={},
pages={1 -8},
keywords={FDOA measurements;Gaussian mixture measurement filter;TDOA measurements;bearings only measurements;civilian surveillance;communication emitters;complex ambiguity function;frequency difference of arrival;military surveillance;nonlinear measurements;passive geolocaton;received complex signals;security operations;Gaussian processes;filtering theory;sensor fusion;surveillance;},
doi={},
ISSN={},}

@ARTICLE{musicki_kaune_koch,
author={Musicki, D. and Kaune, R. and Koch, W.},
journal={Signal Processing, IEEE Transactions on}, title={Mobile Emitter Geolocation and Tracking Using TDOA and FDOA Measurements},
year={2010},
month=march ,
volume={58},
number={3},
pages={1863 -1874},
keywords={Cramer-Rao lower bound;FDOA measurements;Gaussian mixture approach;Kalman filters tracking algorithm;TDOA measurement;data association;frequency difference of arrival measurement;likelihood function;mobile emitter geolocation;nonlinear information fusion;recursive tracking;state probability density function approximation;time difference of arrival measurement;Gaussian processes;Kalman filters;approximation theory;channel bank filters;direction-of-arrival estimation;mobile radio;probability;radio tracking;time-of-arrival estimation;},
doi={10.1109/TSP.2009.2037075},
ISSN={1053-587X},}

@ARTICLE{torrieri,
author={Torrieri, D.J.},
journal={Aerospace and Electronic Systems, IEEE Transactions on}, title={Statistical Theory of Passive Location Systems},
year={1984},
month=march ,
volume={AES-20},
number={2},
pages={183 -198},
keywords={},
doi={10.1109/TAES.1984.310439},
ISSN={0018-9251},}

@ARTICLE{hata_nagatsu,
author={Hata, M. and Nagatsu, T.},
journal={Vehicular Technology, IEEE Transactions on}, title={Mobile location using signal strength measurements in a cellular system},
year={1980},
month=may,
volume={29},
number={2},
pages={ 245 - 252},
keywords={},
doi={10.1109/T-VT.1980.23848},
ISSN={0018-9545},}

@INPROCEEDINGS{knapp_carter,
author={Knapp, C. and Carter, G.},
booktitle={Acoustics, Speech, and Signal Processing, IEEE International Conference on ICASSP '77.}, title={Time delay estimation in the presence of relative motion},
year={1977},
month=may,
volume={2},
number={},
pages={ 280 - 283},
keywords={},
doi={10.1109/ICASSP.1977.1170252},
ISSN={},}

@ARTICLE{chan_jardine,
author={Chan, Y.-T. and Jardine, F.L.},
journal={Oceanic Engineering, IEEE Journal of}, title={Target localization and tracking from Doppler-shift measurements },
year={1990},
month=jul,
volume={15},
number={3},
pages={251 -257},
keywords={Doppler-shift measurements;Kalman tracker;error analysis;frequency-rate measurements;grid searches;least-squares track-sort algorithm;sensor positions;tracking;variance analysis;Doppler effect;Kalman filters;error analysis;estimation theory;frequency measurement;least squares approximations;position measurement;tracking;},
doi={10.1109/48.107154},
ISSN={0364-9059},}

@ARTICLE{chan_towers,
author={Chan, Y.T. and Towers, J.J.},
journal={Signal Processing, IEEE Transactions on}, title={Passive localization from Doppler-shifted frequency measurements },
year={1992},
month=oct,
volume={40},
number={10},
pages={2594 -2598},
keywords={2D search method;Cramer-Rao bound;Doppler-shifted frequency measurements;intermediate equations;localization parameters;matrix inversion;nonlinear equations;passive localisation;simulation results;source parameters;Doppler effect;frequency measurement;nonlinear equations;signal detection;},
doi={10.1109/78.157301},
ISSN={1053-587X},}

@INPROCEEDINGS{bardelli_haworth_smith,
author={Bardelli, R. and Haworth, D. and Smith, N.},
booktitle={Global Telecommunications Conference, 1995. GLOBECOM '95., IEEE}, title={Interference localisation for the Eutelsat satellite system},
year={1995},
month=nov,
volume={3},
number={},
pages={1641 -1651 vol.3},
keywords={Eutelsat satellite system;interference localisation;location accuracy;network management procedures;optimum measurement strategy;satellite traffic;simulated interference;transmitter location system;transmitter location techniques;radio direction-finding;radio transmitters;radiofrequency interference;satellite communication;},
doi={10.1109/GLOCOM.1995.502690},
ISSN={},}

@ARTICLE{599239,
author={Ho, K.C. and Chan, Y.T.},
journal={Aerospace and Electronic Systems, IEEE Transactions on}, title={Geolocation of a known altitude object from TDOA and FDOA measurements},
year={1997},
month=july ,
volume={33},
number={3},
pages={770 -783},
keywords={altitude constraint;bias error;constrained Cramer-Rao lower bound;covariance matrices;frequency difference of arrival measurements;geolocation solutions;known altitude object geolocation;localization accuracy;maximum allowable altitude error;mean square error;oblate spheroid model;one-dimensional Newton's search;polynomial rooting;relative emitter-receiver motions;satellite systems;small measurement noise assumption;time difference of arrival measurements;Newton method;covariance matrices;direction-of-arrival estimation;object detection;polynomials;satellite navigation;signal detection;},
doi={10.1109/7.599239},
ISSN={0018-9251},}

@ARTICLE{599239,
author={Ho, K.C. and Chan, Y.T.},
journal={Aerospace and Electronic Systems, IEEE Transactions on}, title={Geolocation of a known altitude object from TDOA and FDOA measurements},
year={1997},
month=july ,
volume={33},
number={3},
pages={770 -783},
keywords={altitude constraint;bias error;constrained Cramer-Rao lower bound;covariance matrices;frequency difference of arrival measurements;geolocation solutions;known altitude object geolocation;localization accuracy;maximum allowable altitude error;mean square error;oblate spheroid model;one-dimensional Newton's search;polynomial rooting;relative emitter-receiver motions;satellite systems;small measurement noise assumption;time difference of arrival measurements;Newton method;covariance matrices;direction-of-arrival estimation;object detection;polynomials;satellite navigation;signal detection;},
doi={10.1109/7.599239},
ISSN={0018-9251},}